@book{pierece2024,
  title={AI Applications for Automatic Pavement Condition Evaluation},
  author={Linda M. Pierce and Sarah E. Lopez and Jose R. Medina and Vivek Jha},
  year={2024},
  publisher={National Academies of Sciences, Engineering, and Medicine},
  isbn={978-0-309-72767-9},
  doi={10.17226/27993},
  url={https://doi.org/10.17226/27993}
}

@inproceedings{yu2011,
  author={X. Yu and E. Salari},
  title={Pavement pothole detection and severity measurement using laser imaging},
  booktitle={2011 IEEE International Conference on Electro/Information Technology},
  year={2011},
  pages={1-5},
  doi={10.1109/EIT.2011.5978573},
  url={https://ieeexplore.ieee.org/document/5978573},
  publisher={IEEE},
  address={Mankato, MN, USA}
}

@inproceedings{gupta2022deep,
  title={Deep Learning (CNN) and Transfer Learning: A Review},
  author={Gupta, Jaya and Pathak, Sunil and Kumar, Gireesh},
  booktitle={Journal of Physics: Conference Series},
  volume={2273},
  number={1},
  pages={012029},
  year={2022},
  organization={IOP Publishing},
  doi={10.1088/1742-6596/2273/1/012029}
}

@article{khanam2024yolov11,
  title={YOLOv11: An Overview of the Key Architectural Enhancements},
  author={Khanam, Rahima and Hussain, Muhammad},
  journal={arXiv preprint arXiv:2410.17725},
  year={2024}
}

@article{redmon2018yolov3,
  title={YOLOv3: An Incremental Improvement},
  author={Redmon, Joseph and Farhadi, Ali},
  journal={arXiv preprint arXiv:1804.02767},
  year={2018}
}
@article{wang2022yolov7,
  title={YOLOv7: Trainable bag-of-freebies sets new state-of-the-art for real-time object detectors},
  author={Wang, Chien-Yao and Bochkovskiy, Alexey and Liao, Hong-Yuan Mark},
  journal={arXiv preprint arXiv:2207.02696},
  year={2022}
}

@article{padilla2021comparative,
  title={A Comparative Analysis of Object Detection Metrics with a Companion Open-Source Toolkit},
  author={Padilla, Rafael and Passos, Wesley L. and Dias, Thadeu L. B. and Netto, Sergio L. and da Silva, Eduardo A. B.},
  journal={Electronics},
  volume={10},
  number={3},
  pages={279},
  year={2021},
  publisher={MDPI},
  doi={10.3390/electronics10030279},
  url={https://www.mdpi.com/2079-9292/10/3/279}
}

@misc{stewart2024potholes,
  title={Potholes and local road maintenance funding},
  author={Stewart, Iona and Benson, Michael},
  year={2024},
  url={https://researchbriefings.files.parliament.uk/documents/CBP-9975/CBP-9975.pdf}
}

@article{bmwpaper,
  title={Impact detection using a machine learning approach and experimental road roughness classification},
  author={Gorges, Christian and Öztürk, Kemal and Liebich, Robert},
  journal={Mechanical Systems and Signal Processing},
  volume={117},
  pages={738-756},
  year={2018},
  publisher={Elsevier},
  doi={10.1016/j.ymssp.2018.07.043}
}

@article{Arya2022,
author = "Deeksha Arya and Hiroya Maeda and Yoshihide Sekimoto and Hiroshi Omata and Sanjay Kumar Ghosh and Durga Toshniwal and Madhavendra Sharma and Van Vung Pham and Jingtao Zhong and Muneer Al-Hammadi and Mamoona Birkhez Shami and Du Nguyen and Hanglin Cheng and Jing Zhang and Alex Klein-Paste and Helge Mork and Frank Lindseth and Toshikazu Seto and Alexander Mraz and Takehiro Kashiyama",
title = "{RDD2022 - The multi-national Road Damage Dataset released through CRDDC'2022}",
year = "2022",
month = "10",
url = "https://figshare.com/articles/dataset/RDD2022_-_The_multi-national_Road_Damage_Dataset_released_through_CRDDC_2022/21431547",
doi = "10.6084/m9.figshare.21431547.v1"
}

@misc{nahmad2000ModifiedRDD2022,
  author = {Nahmad, Ahmed},
  title = {Modified-RDD2022-Dataset},
  year = {2025},
  publisher = {GitHub},
  journal = {GitHub repository},
  howpublished = {\url{https://github.com/nahmad2000/Modified-RDD2022-Dataset}},
}

@misc{kaggle,
  author = {DenisG04},
  title = {Pothole dataset v8 for detection},
  year = {2023},
  publisher = {Kaggle},
  journal = {Kaggle repository},
  howpublished = {\url{https://www.kaggle.com/datasets/denisg04/pothle-detect}},
}

@software{yolo11_ultralytics,
  author = {Glenn Jocher and Jing Qiu},
  title = {Ultralytics YOLO11},
  version = {11.0.0},
  year = {2024},
  url = {https://github.com/ultralytics/ultralytics},
  orcid = {0000-0001-5950-6979, 0000-0002-7603-6750, 0000-0003-3783-7069},
  license = {AGPL-3.0}
}

@inproceedings{130,
  author = {V. Pham and C. Pham and T. Dang},
  title = {Road Damage Detection and Classification with Detectron2 and Faster R-CNN},
  booktitle = {2020 IEEE International Conference on Big Data (Big Data)},
  year = {2020},
  doi = {10.1109/BigData50056.2020.9300599},
  url = {https://doi.org/10.1109/BigData50056.2020.9300599}
}

@article{Silva2023,
  author    = {Luís Augusto Silva and Valderi Reis Quietinho Leithardt and Vivian Félix López Batista and Gabriel Villarrubia González and Juan Francisco De Paz Santana},
  title     = {Automated Road Damage Detection Using UAV Images and Deep Learning Techniques},
  journal   = {IEEE Access},
  year      = {2023},
  volume    = {11},
  pages     = {62918-62931},
  doi       = {10.1109/ACCESS.2023.3287770},
  url       = {https://ieeexplore.ieee.org/document/3287770}
}

@inproceedings{7,
  author = {L. Ale and N. Zhang and L. Li},
  title = {Road Damage Detection Using RetinaNet},
  booktitle = {Proc. of IEEE International Conference on Big Data (Big Data)},
  year = {2018},
  url = {https://www.researchgate.net/publication/330625636}
}

@article{Ha2022,
  author    = {Jongwoo Ha and Dongsoo Kim and Minsoo Kim},
  title     = {Assessing severity of road cracks using deep learning-based segmentation and detection},
  journal   = {The Journal of Supercomputing},
  year      = {2022},
  volume    = {78},
  pages     = {17721-17735},
  doi       = {10.1007/s11227-022-04560-x},
  url       = {https://doi.org/10.1007/s11227-022-04560-x}
}

@article{Maeda2018,
  author    = {Hiroya Maeda and Yoshihide Sekimoto and Toshikazu Seto and Takehiro Kashiyama and Hiroshi Omata},
  title     = {Road Damage Detection and Classification Using Deep Neural Networks with Smartphone Images},
  journal   = {Computer-Aided Civil and Infrastructure Engineering},
  year      = {2018},
  volume    = {33},
  pages     = {1-15},
  doi       = {10.1111/mice.12387},
  url       = {https://www.researchgate.net/publication/326087983}
}


@article{Samma2021,
  author    = {Hussein Samma and Shahrel Azmin Suandi and Nor Azman Ismail and Sarina Sulaiman and Lee Li Ping},
  title     = {Evolving Pre-Trained CNN Using Two-Layers Optimizer for Road Damage Detection From Drone Images},
  journal   = {IEEE Access},
  year      = {2021},
  volume    = {9},
  pages     = {158215-158226},
  doi       = {10.1109/ACCESS.2021.3131231},
  url       = {https://ieeexplore.ieee.org/document/3131231}
}

@article{Zhang2022,
  author    = {Hongwei Zhang and Zhaohui Wu and Yuxuan Qiu and Xiangcheng Zhai and Zichen Wang and Peng Xu and Zhenzheng Liu and Xiantong Li and Na Jiang},
  title     = {A New Road Damage Detection Baseline with Attention Learning},
  journal   = {Applied Sciences},
  year      = {2022},
  volume    = {12},
  pages     = {7594},
  doi       = {10.3390/app12157594},
  url       = {https://doi.org/10.3390/app12157594}
}

@article{Arya2021,
  author    = {Deeksha Arya and Hiroya Maeda and Sanjay Kumar Ghosh and Durga Toshniwal and Alexander Mraz and Takehiro Kashiyama and Yoshihide Sekimoto},
  title     = {Deep Learning-based Road Damage Detection and Classification for Multiple Countries},
  journal   = {Automation in Construction},
  year      = {2021},
  volume    = {122},
  pages     = {103492},
  doi       = {10.1016/j.autcon.2020.103492},
  url       = {https://www.sciencedirect.com/science/article/pii/S0926580521003861}
}

@inproceedings{Ale2018,
  author    = {Laha Ale and Ning Zhang and Longzhuang Li},
  title     = {Road Damage Detection Using RetinaNet},
  booktitle = {2018 IEEE International Conference on Big Data (Big Data)},
  year      = {2018},
  pages     = {5197-5200},
  doi       = {10.1109/BigData.2018.8622025},
  url       = {https://www.researchgate.net/publication/330625636}
}

@inproceedings{Doshi2020,
  author    = {Keval Doshi and Yasin Yilmaz},
  title     = {Road Damage Detection using Deep Ensemble Learning},
  booktitle = {2020 IEEE International Conference on Big Data (Big Data)},
  year      = {2020},
  pages     = {5197-5200},
  doi       = {10.1109/BigData.2020.8622025},
  url       = {https://arxiv.org/abs/2011.00728}
}

@techreport{government,
	author = {MINISTRY OF ROAD TRANSPORT AND HIGHWAYS TRANSPORT RESEARCH WING NEW DELHI},
	month = {12},
	publisher = {GOVERNMENT OF INDIA MINISTRY OF ROAD TRANSPORT AND HIGHWAYS TRANSPORT RESEARCH WING NEW DELHI},
	title = {{ROAD ACCIDENTS IN INDIA 2021}},
	year = {2022},
}